<record><recordSchema>MARC21-xml</recordSchema><recordPacking>xml</recordPacking><recordData><record xmlns="http://www.loc.gov/MARC21/slim" type="Bibliographic">
    <leader>00000pam a2200000 cb4500</leader>
    <controlfield tag="001">1246162202</controlfield>
    <controlfield tag="003">DE-101</controlfield>
    <controlfield tag="005">20220406220214.0</controlfield>
    <controlfield tag="007">tu</controlfield>
    <controlfield tag="008">211120s2021    gw ||||| |||| 00||||ger  </controlfield>
    <datafield tag="015" ind1=" " ind2=" ">
      <subfield code="a">22,A14</subfield>
      <subfield code="z">21,N47</subfield>
      <subfield code="2">dnb</subfield>
    </datafield>
    <datafield tag="016" ind1="7" ind2=" ">
      <subfield code="2">DE-101</subfield>
      <subfield code="a">1246162202</subfield>
    </datafield>
    <datafield tag="020" ind1=" " ind2=" ">
      <subfield code="a">9783751300742</subfield>
      <subfield code="c">Broschur : EUR 12.00 (DE), EUR 12.40 (AT)</subfield>
      <subfield code="9">978-3-7513-0074-2</subfield>
    </datafield>
    <datafield tag="020" ind1=" " ind2=" ">
      <subfield code="a">3751300740</subfield>
      <subfield code="9">3-7513-0074-0</subfield>
    </datafield>
    <datafield tag="024" ind1="3" ind2=" ">
      <subfield code="a">9783751300742</subfield>
    </datafield>
    <datafield tag="028" ind1="5" ind2="2">
      <subfield code="a">Bestellnummer: 8300742</subfield>
    </datafield>
    <datafield tag="035" ind1=" " ind2=" ">
      <subfield code="a">(DE-599)DNB1246162202</subfield>
    </datafield>
    <datafield tag="035" ind1=" " ind2=" ">
      <subfield code="a">(OCoLC)1309080164</subfield>
    </datafield>
    <datafield tag="035" ind1=" " ind2=" ">
      <subfield code="a">(OCoLC)1286267544</subfield>
    </datafield>
    <datafield tag="040" ind1=" " ind2=" ">
      <subfield code="a">1245</subfield>
      <subfield code="b">ger</subfield>
      <subfield code="c">DE-101</subfield>
      <subfield code="d">9999</subfield>
      <subfield code="e">rda</subfield>
    </datafield>
    <datafield tag="041" ind1=" " ind2=" ">
      <subfield code="a">ger</subfield>
    </datafield>
    <datafield tag="044" ind1=" " ind2=" ">
      <subfield code="c">XA-DE-HH</subfield>
    </datafield>
    <datafield tag="082" ind1="7" ind2="4">
      <subfield code="8">7\p</subfield>
      <subfield code="a">K</subfield>
      <subfield code="q">DE-101</subfield>
      <subfield code="2">23sdnb</subfield>
    </datafield>
    <datafield tag="100" ind1="1" ind2=" ">
      <subfield code="8">1\p</subfield>
      <subfield code="0">(DE-588)119523604</subfield>
      <subfield code="0">https://d-nb.info/gnd/119523604</subfield>
      <subfield code="0">(DE-101)119523604</subfield>
      <subfield code="a">Funke, Cornelia</subfield>
      <subfield code="d">1958-</subfield>
      <subfield code="e">Verfasser</subfield>
      <subfield code="4">aut</subfield>
      <subfield code="2">gnd</subfield>
    </datafield>
    <datafield tag="245" ind1="1" ind2="0">
      <subfield code="a">Tintenherz</subfield>
      <subfield code="c">Cornelia Funke ; mit Vignetten der Autorin</subfield>
    </datafield>
    <datafield tag="250" ind1=" " ind2=" ">
      <subfield code="a">1. Auflage</subfield>
    </datafield>
    <datafield tag="264" ind1=" " ind2="1">
      <subfield code="a">Hamburg</subfield>
      <subfield code="b">Dressler Verlag</subfield>
      <subfield code="c">2021</subfield>
    </datafield>
    <datafield tag="300" ind1=" " ind2=" ">
      <subfield code="a">573 Seiten</subfield>
      <subfield code="b">Illustrationen</subfield>
      <subfield code="c">19 cm, 492 g</subfield>
    </datafield>
    <datafield tag="336" ind1=" " ind2=" ">
      <subfield code="a">Text</subfield>
      <subfield code="b">txt</subfield>
      <subfield code="2">rdacontent</subfield>
    </datafield>
    <datafield tag="337" ind1=" " ind2=" ">
      <subfield code="a">ohne Hilfsmittel zu benutzen</subfield>
      <subfield code="b">n</subfield>
      <subfield code="2">rdamedia</subfield>
    </datafield>
    <datafield tag="338" ind1=" " ind2=" ">
      <subfield code="a">Band</subfield>
      <subfield code="b">nc</subfield>
      <subfield code="2">rdacarrier</subfield>
    </datafield>
    <datafield tag="385" ind1=" " ind2=" ">
      <subfield code="0">(DE-588)4028859-6</subfield>
      <subfield code="0">https://d-nb.info/gnd/4028859-6</subfield>
      <subfield code="0">(DE-101)040288595</subfield>
      <subfield code="a">Jugend</subfield>
      <subfield code="2">gnd</subfield>
    </datafield>
    <datafield tag="490" ind1="1" ind2=" ">
      <subfield code="a">Tintenwelt-Trilogie</subfield>
      <subfield code="v">Band 1</subfield>
    </datafield>
    <datafield tag="650" ind1=" " ind2="7">
      <subfield code="8">3\p</subfield>
      <subfield code="0">(DE-588)4036966-3</subfield>
      <subfield code="0">https://d-nb.info/gnd/4036966-3</subfield>
      <subfield code="0">(DE-101)040369668</subfield>
      <subfield code="a">Magie</subfield>
      <subfield code="2">gnd</subfield>
    </datafield>
    <datafield tag="650" ind1=" " ind2="7">
      <subfield code="8">4\p</subfield>
      <subfield code="0">(DE-588)4141014-2</subfield>
      <subfield code="0">https://d-nb.info/gnd/4141014-2</subfield>
      <subfield code="0">(DE-101)041410149</subfield>
      <subfield code="a">Abenteuer</subfield>
      <subfield code="2">gnd</subfield>
    </datafield>
    <datafield tag="650" ind1=" " ind2="7">
      <subfield code="8">5\p</subfield>
      <subfield code="0">(DE-588)4016443-3</subfield>
      <subfield code="0">https://d-nb.info/gnd/4016443-3</subfield>
      <subfield code="0">(DE-101)040164438</subfield>
      <subfield code="a">Farbe</subfield>
      <subfield code="2">gnd</subfield>
    </datafield>
    <datafield tag="650" ind1=" " ind2="7">
      <subfield code="8">6\p</subfield>
      <subfield code="0">(DE-588)4171044-7</subfield>
      <subfield code="0">https://d-nb.info/gnd/4171044-7</subfield>
      <subfield code="0">(DE-101)041710444</subfield>
      <subfield code="a">Nacht</subfield>
      <subfield code="2">gnd</subfield>
    </datafield>
    <datafield tag="651" ind1=" " ind2="7">
      <subfield code="8">2\p</subfield>
      <subfield code="0">(DE-588)4027833-5</subfield>
      <subfield code="0">https://d-nb.info/gnd/4027833-5</subfield>
      <subfield code="0">(DE-101)040278336</subfield>
      <subfield code="a">Italien</subfield>
      <subfield code="2">gnd</subfield>
    </datafield>
    <datafield tag="653" ind1=" " ind2=" ">
      <subfield code="a">(Produktform)Paperback / softback</subfield>
    </datafield>
    <datafield tag="653" ind1=" " ind2=" ">
      <subfield code="a">(Zielgruppe)ab 12 Jahren</subfield>
    </datafield>
    <datafield tag="653" ind1=" " ind2=" ">
      <subfield code="a">(Lesealter)ab 12 Jahre</subfield>
    </datafield>
    <datafield tag="653" ind1=" " ind2=" ">
      <subfield code="a">(BISAC Subject Heading)YAF019000: YOUNG ADULT FICTION / Fantasy / General</subfield>
    </datafield>
    <datafield tag="653" ind1=" " ind2=" ">
      <subfield code="a">Magie</subfield>
    </datafield>
    <datafield tag="653" ind1=" " ind2=" ">
      <subfield code="a">All-Age</subfield>
    </datafield>
    <datafield tag="653" ind1=" " ind2=" ">
      <subfield code="a">Italien</subfield>
    </datafield>
    <datafield tag="653" ind1=" " ind2=" ">
      <subfield code="a">Spannung</subfield>
    </datafield>
    <datafield tag="653" ind1=" " ind2=" ">
      <subfield code="a">Trilogie</subfield>
    </datafield>
    <datafield tag="653" ind1=" " ind2=" ">
      <subfield code="a">Abenteuer</subfield>
    </datafield>
    <datafield tag="653" ind1=" " ind2=" ">
      <subfield code="a">Klassiker</subfield>
    </datafield>
    <datafield tag="653" ind1=" " ind2=" ">
      <subfield code="a">Must Read</subfield>
    </datafield>
    <datafield tag="653" ind1=" " ind2=" ">
      <subfield code="a">Blockbuster</subfield>
    </datafield>
    <datafield tag="653" ind1=" " ind2=" ">
      <subfield code="a">Bookstagram</subfield>
    </datafield>
    <datafield tag="653" ind1=" " ind2=" ">
      <subfield code="a">Tintenwelt</subfield>
    </datafield>
    <datafield tag="653" ind1=" " ind2=" ">
      <subfield code="a">Zauberzunge</subfield>
    </datafield>
    <datafield tag="653" ind1=" " ind2=" ">
      <subfield code="a">Buchliebhaber</subfield>
    </datafield>
    <datafield tag="653" ind1=" " ind2=" ">
      <subfield code="a">Fantasy ab 12</subfield>
    </datafield>
    <datafield tag="653" ind1=" " ind2=" ">
      <subfield code="a">Lieblingsbuch</subfield>
    </datafield>
    <datafield tag="653" ind1=" " ind2=" ">
      <subfield code="a">Weltliteratur</subfield>
    </datafield>
    <datafield tag="653" ind1=" " ind2=" ">
      <subfield code="a">Buchempfehlung</subfield>
    </datafield>
    <datafield tag="653" ind1=" " ind2=" ">
      <subfield code="a">Tintentrilogie</subfield>
    </datafield>
    <datafield tag="653" ind1=" " ind2=" ">
      <subfield code="a">Weltbestseller</subfield>
    </datafield>
    <datafield tag="653" ind1=" " ind2=" ">
      <subfield code="a">All time favorite</subfield>
    </datafield>
    <datafield tag="653" ind1=" " ind2=" ">
      <subfield code="a">Bestes Jugendbuch</subfield>
    </datafield>
    <datafield tag="653" ind1=" " ind2=" ">
      <subfield code="a">Bestsellerautorin</subfield>
    </datafield>
    <datafield tag="653" ind1=" " ind2=" ">
      <subfield code="a">Spiegel-Bestseller</subfield>
    </datafield>
    <datafield tag="653" ind1=" " ind2=" ">
      <subfield code="a">Die Farbe der Rache</subfield>
    </datafield>
    <datafield tag="653" ind1=" " ind2=" ">
      <subfield code="a">Jugendbuchklassiker</subfield>
    </datafield>
    <datafield tag="653" ind1=" " ind2=" ">
      <subfield code="a">Besonderes Jugendbuch</subfield>
    </datafield>
    <datafield tag="653" ind1=" " ind2=" ">
      <subfield code="a">Buch aus der Kindheit</subfield>
    </datafield>
    <datafield tag="653" ind1=" " ind2=" ">
      <subfield code="a">Für Jungs und Mädchen</subfield>
    </datafield>
    <datafield tag="653" ind1=" " ind2=" ">
      <subfield code="a">Märchen aus 1001 Nacht</subfield>
    </datafield>
    <datafield tag="653" ind1=" " ind2=" ">
      <subfield code="a">Fantasy für Jugendliche</subfield>
    </datafield>
    <datafield tag="653" ind1=" " ind2=" ">
      <subfield code="a">(Produktgruppe)13: Dressler</subfield>
    </datafield>
    <datafield tag="653" ind1=" " ind2=" ">
      <subfield code="a">07: Nervenkitzeln</subfield>
    </datafield>
    <datafield tag="653" ind1=" " ind2=" ">
      <subfield code="a">(VLB-WN)2250: Taschenbuch / Kinder- und Jugendbücher/Kinderbücher bis 11 Jahre</subfield>
    </datafield>
    <datafield tag="653" ind1=" " ind2=" ">
      <subfield code="a">02: Eintauchen</subfield>
    </datafield>
    <datafield tag="653" ind1=" " ind2=" ">
      <subfield code="a">(BISAC Subject Heading)JUV001000</subfield>
    </datafield>
    <datafield tag="653" ind1=" " ind2=" ">
      <subfield code="a">(BISAC Subject Heading)JUV037000</subfield>
    </datafield>
    <datafield tag="653" ind1=" " ind2=" ">
      <subfield code="a">Spannung;Fantasy;Abenteuer</subfield>
    </datafield>
    <datafield tag="653" ind1=" " ind2=" ">
      <subfield code="a">Fantasy</subfield>
    </datafield>
    <datafield tag="653" ind1=" " ind2=" ">
      <subfield code="a">Freundschaft</subfield>
    </datafield>
    <datafield tag="653" ind1=" " ind2=" ">
      <subfield code="a">(Produktgruppe)32: Oetinger Taschenbuch</subfield>
    </datafield>
    <datafield tag="655" ind1=" " ind2="7">
      <subfield code="0">(DE-588)4306252-0</subfield>
      <subfield code="0">https://d-nb.info/gnd/4306252-0</subfield>
      <subfield code="0">(DE-101)043062520</subfield>
      <subfield code="a">Jugendbuch</subfield>
      <subfield code="2">gnd-content</subfield>
    </datafield>
    <datafield tag="655" ind1=" " ind2="7">
      <subfield code="0">(DE-101)101071841X</subfield>
      <subfield code="a">Jugendbücher ab 12 Jahre</subfield>
      <subfield code="2">gatbeg</subfield>
    </datafield>
    <datafield tag="776" ind1="0" ind2="8">
      <subfield code="i">Erscheint auch als</subfield>
      <subfield code="n">Druck-Ausgabe</subfield>
      <subfield code="z">9783791504650</subfield>
    </datafield>
    <datafield tag="780" ind1="0" ind2="0">
      <subfield code="i">Vorangegangen ist</subfield>
      <subfield code="z">9783841500120</subfield>
    </datafield>
    <datafield tag="787" ind1="0" ind2="8">
      <subfield code="i">In Beziehung stehende Ressource</subfield>
      <subfield code="z">9783751300766</subfield>
    </datafield>
    <datafield tag="787" ind1="0" ind2="8">
      <subfield code="i">In Beziehung stehende Ressource</subfield>
      <subfield code="z">9783791504650</subfield>
    </datafield>
    <datafield tag="787" ind1="0" ind2="8">
      <subfield code="i">In Beziehung stehende Ressource</subfield>
      <subfield code="z">9783837306378</subfield>
    </datafield>
    <datafield tag="787" ind1="0" ind2="8">
      <subfield code="i">In Beziehung stehende Ressource</subfield>
      <subfield code="z">9783791504674</subfield>
    </datafield>
    <datafield tag="787" ind1="0" ind2="8">
      <subfield code="i">In Beziehung stehende Ressource</subfield>
      <subfield code="z">9783791504766</subfield>
    </datafield>
    <datafield tag="800" ind1="1" ind2=" ">
      <subfield code="a">Funke, Cornelia</subfield>
      <subfield code="d">1958-</subfield>
      <subfield code="4">aut</subfield>
      <subfield code="t">Tintenwelt-Trilogie</subfield>
      <subfield code="v">Band 1</subfield>
      <subfield code="w">(DE-101)1253586160</subfield>
      <subfield code="9">11</subfield>
      <subfield code="7">am</subfield>
    </datafield>
    <datafield tag="850" ind1=" " ind2=" ">
      <subfield code="a">DE-101a</subfield>
      <subfield code="a">DE-101b</subfield>
    </datafield>
    <datafield tag="856" ind1="4" ind2="2">
      <subfield code="m">B:DE-101</subfield>
      <subfield code="q">application/pdf</subfield>
      <subfield code="u">https://d-nb.info/1246162202/04</subfield>
      <subfield code="3">Inhaltsverzeichnis</subfield>
    </datafield>
    <datafield tag="883" ind1="1" ind2=" ">
      <subfield code="8">1\p</subfield>
      <subfield code="a">vlb</subfield>
      <subfield code="d">20211120</subfield>
      <subfield code="q">DE-101</subfield>
      <subfield code="u">https://d-nb.info/provenance/plan#vlb</subfield>
    </datafield>
    <datafield tag="883" ind1="0" ind2=" ">
      <subfield code="8">2\p</subfield>
      <subfield code="a">aepgnd</subfield>
      <subfield code="c">0,16667</subfield>
      <subfield code="d">20220318</subfield>
      <subfield code="q">DE-101</subfield>
      <subfield code="u">https://d-nb.info/provenance/plan#aepgnd</subfield>
    </datafield>
    <datafield tag="883" ind1="0" ind2=" ">
      <subfield code="8">3\p</subfield>
      <subfield code="a">aepgnd</subfield>
      <subfield code="c">0,10246</subfield>
      <subfield code="d">20220318</subfield>
      <subfield code="q">DE-101</subfield>
      <subfield code="u">https://d-nb.info/provenance/plan#aepgnd</subfield>
    </datafield>
    <datafield tag="883" ind1="0" ind2=" ">
      <subfield code="8">4\p</subfield>
      <subfield code="a">aepgnd</subfield>
      <subfield code="c">0,05041</subfield>
      <subfield code="d">20220318</subfield>
      <subfield code="q">DE-101</subfield>
      <subfield code="u">https://d-nb.info/provenance/plan#aepgnd</subfield>
    </datafield>
    <datafield tag="883" ind1="0" ind2=" ">
      <subfield code="8">5\p</subfield>
      <subfield code="a">aepgnd</subfield>
      <subfield code="c">0,02700</subfield>
      <subfield code="d">20220318</subfield>
      <subfield code="q">DE-101</subfield>
      <subfield code="u">https://d-nb.info/provenance/plan#aepgnd</subfield>
    </datafield>
    <datafield tag="883" ind1="0" ind2=" ">
      <subfield code="8">6\p</subfield>
      <subfield code="a">aepgnd</subfield>
      <subfield code="c">0,02416</subfield>
      <subfield code="d">20220318</subfield>
      <subfield code="q">DE-101</subfield>
      <subfield code="u">https://d-nb.info/provenance/plan#aepgnd</subfield>
    </datafield>
    <datafield tag="883" ind1="2" ind2=" ">
      <subfield code="8">7\p</subfield>
      <subfield code="a">dnb</subfield>
      <subfield code="d">20220328</subfield>
      <subfield code="q">DE-101</subfield>
      <subfield code="u">https://d-nb.info/provenance/plan#dnb</subfield>
    </datafield>
    <datafield tag="925" ind1="r" ind2=" ">
      <subfield code="a">ra</subfield>
    </datafield>
    <datafield tag="926" ind1="1" ind2=" ">
      <subfield code="a">FN</subfield>
      <subfield code="o">93</subfield>
      <subfield code="q">Publisher</subfield>
      <subfield code="v">1.4</subfield>
      <subfield code="x">Traditionelle Geschichten, Märchen, Mythen, Fabeln und Legenden</subfield>
    </datafield>
    <datafield tag="926" ind1="2" ind2=" ">
      <subfield code="a">YFB</subfield>
      <subfield code="o">93</subfield>
      <subfield code="q">Publisher</subfield>
      <subfield code="v">1.4</subfield>
      <subfield code="x">Kinder/Jugendliche: Gegenwartsliteratur</subfield>
    </datafield>
    <datafield tag="926" ind1="2" ind2=" ">
      <subfield code="a">YFC</subfield>
      <subfield code="o">93</subfield>
      <subfield code="q">Publisher</subfield>
      <subfield code="v">1.4</subfield>
      <subfield code="x">Kinder/Jugendliche: Action- und Abenteuergeschichten</subfield>
    </datafield>
    <datafield tag="926" ind1="2" ind2=" ">
      <subfield code="a">YFHD</subfield>
      <subfield code="o">93</subfield>
      <subfield code="q">Publisher</subfield>
      <subfield code="v">1.4</subfield>
      <subfield code="x">Kinder/Jugendliche: Magischer Realismus</subfield>
    </datafield>
    <datafield tag="926" ind1="2" ind2=" ">
      <subfield code="a">1DST</subfield>
      <subfield code="o">94</subfield>
      <subfield code="q">Publisher</subfield>
      <subfield code="v">1.4</subfield>
      <subfield code="x">Italien</subfield>
    </datafield>
    <datafield tag="926" ind1="2" ind2=" ">
      <subfield code="a">5AN</subfield>
      <subfield code="o">98</subfield>
      <subfield code="q">Publisher</subfield>
      <subfield code="v">1.4</subfield>
      <subfield code="x">empfohlenes Alter: ab 12 Jahre</subfield>
    </datafield>
  </record></recordData><recordPosition>5</recordPosition></record></records><nextRecordPosition>6</nextRecordPosition><echoedSearchRetrieveRequest><version>1.1</version><query>WOE=Tintenherz Funke</query><xQuery xmlns:xsi="http://www.w3.org/2001/XMLSchema-instance" xsi:nil="true"/><maximumRecords>5</maximumRecords><recordSchema>MARC21-xml</recordSchema></echoedSearchRetrieveRequest></searchRetrieveResponse>